% This file was created with JabRef 2.10.
% Encoding: Cp1252


@Unpublished{Boyd2009,
  Title                    = {Solving the LQR Problem by Block Elimination},
  Author                   = {Boyd, Stephen},
  Note                     = {Lecture notes},
  Year                     = {2009},

  Owner                    = {as},
  Timestamp                = {2015.05.19}
}

@Unpublished{Buschmann2014,
  Title                    = {Skript zur Vorlesung Roboterdynamik},
  Author                   = {Thomas Buschmann},
  Year                     = {2014},

  Owner                    = {as},
  Timestamp                = {2015.05.19}
}

@Unpublished{Diebel2006,
  Title                    = {Representing Attitude: Euler Angles, Unit Quaternions, and Rotation Vectors},
  Author                   = {James Diebel},

  Month                    = {10},
  Year                     = {2006},

  Owner                    = {as},
  Timestamp                = {2015.05.19}
}

@PhdThesis{Diehl2001,
  Title                    = {Real-Time Optimization for Large Scale Nonlinear Processes},
  Author                   = {Diehl, Moritz},
  School                   = {Ruprecht-Karls-Universität Heidelberg},
  Year                     = {2001},

  Owner                    = {as},
  Timestamp                = {2015.05.19}
}

@Article{Diehl2005,
  Title                    = {A Real-Time Iteration Scheme for Nonlinear Optimization in Optimal Feedback Control},
  Author                   = {Diehl, Moritz and Bock, Hans Georg and Schlöder, Johannes P.},
  Journal                  = {SIAM J. Control Optim.},
  Year                     = {2005},

  Owner                    = {as},
  Timestamp                = {2015.05.19}
}

@Article{Diehl2002,
  Title                    = {Real-time optimization and nonlinear model predictive control of processes governed by differential-algebraic equations},
  Author                   = {Diehl, Moritz and Bock H. Georg and Schlöder, Johannes P. and Findeisen, Rolf and Nagy, Zoltan and Allgöwer, Frank},
  Journal                  = {Journal of Process Control},
  Year                     = {2002},

  Owner                    = {as},
  Timestamp                = {2015.05.19}
}

@Book{Garcia2013,
  Title                    = {Quad Rotorcraft Control},
  Author                   = {Garcia Carrillo, Luis Rodolfo and Dzul Lopez, Alejandro Enrique and Lozano, Rogelio and Pegard, Claude},
  Publisher                = {Springer-Verlag London},
  Year                     = {2013},

  Owner                    = {as},
  Timestamp                = {2015.05.19}
}

@Electronic{Hartmann2014,
  Title                    = {Quadcopter Dynamic Modeling and Simulation (Quad-Sim) v1.00},
  Author                   = {D. Hartmann and K. Landis and M. Mehrer and S. Moreno and J. Kim},
  HowPublished             = {Git},
  Url                      = {https://github.com/dch33/Quad-Sim},
  Year                     = {2014},

  Owner                    = {as},
  Timestamp                = {2015.05.26}
}

@Article{Reyes-Valeria2013,
  Title                    = {LQR Control for a Quadrotor using Unit Quaternions:
Modeling and Simulation},
  Author                   = {Reyes-Valeria, Elias and Enriquez-Caldera, Rogerio and Camacho-Lara, Sergio and Guichard, Jose},
  Journal                  = {IEEE Xplore},
  Year                     = {2013},

  Owner                    = {as},
  Timestamp                = {2015.05.19}
}

@Book{Richter-Gebert2009,
  Title                    = {Geometriekalküle},
  Author                   = {Richter-Gebert, Jürgen and Orendt, Thorsten},
  Publisher                = {Springer: Berlin, Heidelberg},
  Year                     = {2009},

  Owner                    = {as},
  Timestamp                = {2015.05.19}
}

